
@inproceedings{derolphDevelopmentEnvironmentalMitigation2015,
  title = {Development of an {{Environmental Mitigation Database}} and {{Statistical Models}} for {{Predicting Likely FERC License Mitigation Requirements}} at {{Hydropower Projects}}},
  author = {DeRolph, Christopher R and Bevilhimer, Mark S and Schramm, Michael P},
  year = {2015},
  month = jul,
  address = {{Portland, Oregon}},
  eventtitle = {American {{Fisheries Society Annual Conference}}},
  keywords = {presentation},
  venue = {Portland, OR}
}

@inproceedings{schrammAnalysisRequiredEnvironmental2015,
  title = {Analysis of {{Required Environmental Mitigation}} at {{Licensed Hydropower Project Across}} the {{US}}.},
  author = {Schramm, Michael P and Bevilhimer, Mark S and DeRolph, Christopher R},
  year = {2015},
  month = jan,
  eventtitle = {Southern {{Division American Fisheries Society Annual Meeting}}},
  keywords = {presentation},
  venue = {Savannah, GA}
}

@inproceedings{schrammAutomatingRetrievalWastewater2019,
  title = {Automating {{Retrieval}} of {{Wastewater Discharge Monitoring Reports}} with {{R}}},
  author = {Schramm, Michael P},
  year = {2019},
  month = mar,
  address = {{Denver, Colorado}},
  eventtitle = {National {{Water Quality Monitoring Conference}}},
  keywords = {presentation},
  venue = {Denver, CO}
}

@inproceedings{schrammAutomatingRetrievalWastewater2019a,
  title = {Automating {{Retrieval}} of {{Wastewater Discharge Monitoring Reports}} with {{R}}},
  author = {Schramm, Michael P},
  year = {2019},
  month = jul,
  address = {{College Station, TX}},
  eventtitle = {Southern {{Region Water Conference}}},
  keywords = {presentation},
  venue = {College Station, TX}
}

@inproceedings{schrammCanStatisticalModels2020,
  title = {Can Statistical Models Provide Improved Performance over {{DAR}} Methods for Estimating Flow-Duration Curves and Daily Streamflows in Ungauged Catchments?},
  author = {Schramm, Michael P and Jain, Shubham and Kathuria, Dhruva},
  year = {2020},
  month = aug,
  address = {{Austin, Texas}},
  eventtitle = {{{AWRA}} 2020 {{Spring Conference}}},
  keywords = {presentation},
  venue = {Austin, TX}
}


@inproceedings{schramm_trends_2021,
	title = {Trends in indicator bacteria concentrations following {TMDL} development in {Texas} freshwater streams},
	author = {Schramm, Michael and Gitter, Anna and Gregory, Lucas},
	year = {2021},
	month = jul,
	eventtitle = {{{AWRA}} {{Virtual Summer Conference: Connecting Land \& Water for Healthy Communities}}},
	venue = {Virtual},
	keywords = {presentation}
}
