@Misc{bevelhimer_us_2015,
  title = {{US} {Maps} of {Non}-{Federal} {Hydropower} {Water} {Quality} {Requirements}},
  url = {nhaap.ornl.gov/environmental-mitigation},
  publisher = {Oak Ridge National Laboratory},
  author = {Mark S. Bevelhimer and Michael P Schramm and Christopher R DeRolph},
  year = {2015},
  note = {Type: dataset},
  keywords = {dataset},
}

@Misc{bevelhimer_us_2015-1,
  title = {{US} {Maps} of {Non}-{Federal} {Hydropower} {Mitigation} {Data}},
  url = {nhaap.ornl.gov/environmental-mitigation},
  publisher = {Oak Ridge National Laboratory},
  author = {Mark S. Bevelhimer and Michael P Schramm and Christopher R DeRolph},
  year = {2015},
  note = {Type: dataset},
  keywords = {dataset},
}

@Misc{bevelhimer_non-federal_2015,
  title = {Non-{Federal} {Hydropower} {Mitigation} {Database}},
  url = {nhaap.ornl.gov/environmental-mitigation},
  publisher = {Oak Ridge National Laboratory},
  author = {Mark S. Bevelhimer and Michael P Schramm and Christopher R DeRolph},
  year = {2015},
  note = {Type: dataset},
  keywords = {dataset},
}
