@Misc{schramm_tbrf_2018,
  title = {{"}tbrf{"}: {Time}-{Based} {Rolling} {Functions}.},
  url = {https://CRAN.R-project.org/package=tbrf},
  author = {Michael P Schramm},
  year = {2018},
  doi = {10.5281/zenodo.3727319},
  keywords = {computerProgram},
}

@Misc{schramm_echor_2018,
  title = {{"}echor{"}: {Access} {EPA} '{ECHO}' {Data}},
  url = {https://CRAN.R-project.org/package=echor},
  author = {Michael P Schramm},
  year = {2018},
  doi = {10.5281/zenodo.3635017},
  keywords = {computerProgram},
}

@Misc{schramm_dartx_2019,
  title = {{"}dartx{"}: {Drainage} {Area} {Ratio} with {Correction} {Factors}},
  url = {https://github.com/mps9506/dartx},
  author = {Michael P Schramm},
  year = {2019},
  keywords = {computerProgram},
}

@Misc{schramm_wd4tx_2019,
  title = {{"}wd4tx{"}: {R} interface for {Texas} {Water} {Development} {Board} water data.},
  url = {https://github.com/mps9506/wd4tx},
  author = {Michael P Schramm},
  year = {2019},
  keywords = {computerProgram},
}
