
@techreport{escamilla_mid_2019,
  type = {Technical Report},
  title = {Mid and {{Lower Cibolo Creek Watershed Protection Plan}}},
  author = {Escamilla, Clare Entwistle and Shen, Xiao and Schramm, Michael and Gregory, Lucas},
  year = {2019},
  month = may,
  number = {TR-512},
  address = {{College Station, TX}},
  institution = {{Texas Water Resources Institute}},
  url = {https://twri.tamu.edu/media/5601/tr-512.pdf},
  file = {C\:\\Users\\michael.schramm\\Zotero\\storage\\M6SCYLT2\\tr-512.pdf}
}

@techreport{jain_technical_2018,
  type = {Technical Report},
  title = {Technical {{Support Document}} for {{One Total Maximum Daily Load}} for {{Indicator Bacteria}} in {{Arenosa Creek}}},
  author = {Jain, Shubham and Ruff, Stephanie and Schramm, Michael P},
  year = {2018},
  address = {{Austin, TX}},
  institution = {{Texas Commission on Environmental Quality}},
  url = {https://www.tceq.texas.gov/assets/public/waterquality/tmdl/108arenosa/108-arenosa-tsd-final.pdf}
}

@techreport{jain_technical_2021,
  type = {Technical Report},
  title = {Technical {{Support Document}} for {{One Total Maximum Daily Load}} for {{Indicator Bacteria}} in {{Lavaca River Above Tidal}}},
  author = {Jain, Shubham and Schramm, Michael},
  year = {2021},
  number = {AS-221},
  pages = {55},
  address = {{Austin, Texas}},
  institution = {{Texas Commission on Environmental Quality}},
  langid = {english},
  file = {C\:\\Users\\michael.schramm\\Zotero\\storage\\WIFBQ2QF\\Jain and Schramm - 2021 - Technical Support Document for One Total Maximum D.pdf}
}

@techreport{mcmanamay_identifying_2015,
  type = {Technical Report},
  title = {Identifying {{Environmental Opportunities}} Outside the {{Hydropower Project Boundary}}: {{An Updated Methodology}} of the {{Basin Scale Opportunity Assessment}}},
  shorttitle = {Identifying {{Environmental Opportunities}} Outside the {{Hydropower Project Boundary}}},
  author = {McManamay, Ryan A. and Troia, Matthew J. and DeRolph, Christopher R. and Bevelhimer, Mark S. and Schramm, Michael P. and Larson, Kyle B. and Tagestad, Jerry D. and Johnson, Gary E. and Jager, Henriette I.},
  year = {2015},
  number = {ORNL/TM-2014/540},
  address = {{Oak Ridge, Tennessee}},
  institution = {{Oak Ridge National Laboratory}},
  doi = {10.13140/rg.2.1.3000.0482},
  langid = {english},
  file = {C\:\\Users\\michael.schramm\\Zotero\\storage\\E7BLFUNF\\McManamay et al_2015_Identifying Environmental Opportunities outside the Hydropower Project Boundary.pdf}
}

@techreport{schramm_carancahua_2019,
  type = {Technical Report},
  title = {Carancahua {{Bay Watershed Protection Plan}}},
  author = {Schramm, Michael P and {deVilleneuve}, Stephanie and Jain, Shubham and Berthold, Allen and Mohandass, Uvashree},
  year = {2019},
  number = {TR-514},
  address = {{College Station, Texas}},
  institution = {{Texas Water Resources Institute}},
  url = {https://twri.tamu.edu/publications/technical-reports/2019-technical-reports/tr-514/},
  file = {C\:\\Users\\michael.schramm\\Zotero\\storage\\IXN8WCVQ\\tr-514.pdf}
}

@techreport{schramm_comparison_2021,
  type = {Technical Report},
  title = {Comparison of {{Daily Streamflow Estimation Methods}} in the {{Thompsons Creek Watershed}}},
  author = {Schramm, Michael P and Gitter, Anna and Rambo, Jackie and {deVilleneuve}, Stephanie and Rhodes, Ed and Gregory, Lucas},
  year = {2021},
  month = jul,
  number = {TR-535},
  address = {{College Station, TX}},
  institution = {{Texas Water Resources Institute}},
  file = {C\:\\Users\\michael.schramm\\Zotero\\storage\\PNFRNNYG\\tr-535.pdf}
}

@techreport{schramm_escherichia_2018,
  type = {Technical Report},
  title = {{\emph{Escherichia Coli}} and {{Dissolved Oxygen Trends}} in the {{Upper Llano River Watershed}}, {{Texas}} (2001-2016)},
  author = {Schramm, Michael P and Broad, Tyson and Arsuffi, Tom},
  year = {2018},
  number = {TR-511},
  address = {{College Station, Texas}},
  institution = {{Texas Water Resources Institute}},
  url = {https://twri.tamu.edu/media/1458/tr-511.pdf},
  file = {C\:\\Users\\michael.schramm\\Zotero\\storage\\594SMELU\\Schramm et al_2018_Escherichia coli and Dissolved Oxygen Trends in the Upper Llano River.pdf}
}

@techreport{schramm_lavaca_2018,
  type = {Technical Report},
  title = {Lavaca {{River Watershed Protection Plan}}},
  author = {Schramm, Michael P and Berthold, Allen and Entwistle, Clare and Peddicord, Kirby},
  year = {2018},
  number = {TR-507},
  address = {{College Station, Texas}},
  institution = {{Texas Water Resources Institute}},
  url = {https://twri.tamu.edu/media/1456/tr-507.pdf},
  file = {C\:\\Users\\michael.schramm\\Zotero\\storage\\6SBD4F8K\\Schramm, Michael et al_2018_Lavaca River Watershed Protection Plan.pdf}
}

@techreport{schramm_technical_2017,
  type = {Technical Report},
  title = {Technical {{Support Document}} for {{Total Maximum Daily Loads}} for {{Indicator Bacteria}} in {{Aransas River Above Tidal}} and {{Poesta Creek}}},
  author = {Schramm, Michael P},
  year = {2017},
  address = {{Austin, TX}},
  institution = {{Texas Commission on Environmental Quality}},
  url = {https://www.tceq.texas.gov/assets/public/waterquality/tmdl/76copano/76-aransas-poesta-tsd.pdf},
  copyright = {All rights reserved},
  file = {C\:\\Users\\michael.schramm\\Zotero\\storage\\Q9VIWBN7\\Schramm, Michael_2017_Technical Support Document for Total Maximum Daily Loads for Indicator Bacteria.pdf}
}

@techreport{schramm_technical_2020,
  type = {Technical Report},
  title = {Technical {{Support Document}} for {{One Total Maximum Daily Load}} for {{Indicator Bacteria}} in {{Hillebrandt Bayou}}},
  author = {Schramm, Michael P and Jha, Achla},
  year = {2020},
  pages = {65},
  address = {{Austin, TX}},
  institution = {{Texas Commission on Environmental Quality}},
  url = {hhttps://www.tceq.texas.gov/assets/public/waterquality/tmdl/118hillebrandt/118-hillebrandt-tsd-2020june.pdf},
  langid = {english},
  file = {C\:\\Users\\michael.schramm\\Zotero\\storage\\XVIBRYVK\\2020 - Technical Support Document for One Total Maximum D.pdf}
}

@techreport{schramm_technical_2020-1,
  type = {Technical Report},
  title = {Technical {{Support Document}} for {{Two Total Maximum Daily Loads}} for {{Indicator Bacteria}} in {{Sandy Creek}} and {{Wolf Creek}}},
  author = {Schramm, Michael P and Jha, Achla},
  year = {2020},
  pages = {63},
  address = {{Austin, TX}},
  institution = {{Texas Commission on Environmental Quality}},
  url = {https://www.tceq.texas.gov/assets/public/waterquality/tmdl/118sandywolfcreeks/118-sandy-wolf-tsd-2020june.pdf},
  file = {C\:\\Users\\michael.schramm\\Zotero\\storage\\G69QYBFR\\2020 - Technical Support Document for Two Total Maximum D.pdf}
}

@techreport{schramm_technical_2020-2,
  type = {Technical Report},
  title = {Technical {{Support Document}} for {{Four Total Maximum Daily Loads}} for {{Indicator Bacteria}} in {{Neches River Tidal}}},
  author = {Schramm, Michael and Jha, Achla},
  year = {2020},
  address = {{Austin, TX}},
  institution = {{Texas Commission on Environmental Quality}},
  url = {https://www.tceq.texas.gov/assets/public/waterquality/tmdl/118nechestidal/118-nechestidal-bacteria-tsd-2020july.pdf}
}

@techreport{schramm_tres_2017,
  type = {Technical Report},
  title = {Tres {{Palacios Creek Watershed Protection Plan}}},
  author = {Schramm, Michael P and Berthold, Allen and Entwistle, Clare},
  year = {2017},
  number = {TR-500},
  address = {{College Station, Texas}},
  institution = {{Texas Water Resources Institute}},
  url = {https://twri.tamu.edu/media/1449/tr-500.pdf},
  file = {C\:\\Users\\michael.schramm\\Zotero\\storage\\N6DQ9I7A\\Schramm, Michael et al_2017_Tres Palacios Creek Watershed Protection Plan.pdf}
}





