

@article{schrammSynthesisEnvironmentalRecreational2016,
  title = {A Synthesis of Environmental and Recreational Mitigation Requirements at Hydropower Projects in the {{United States}}},
  author = {Schramm, Michael P. and Bevelhimer, Mark S. and DeRolph, Chris R.},
  year = {2016},
  month = jul,
  volume = {61},
  pages = {87--96},
  issn = {14629011},
  doi = {10.1016/j.envsci.2016.03.019},
  journal = {Environmental Science \& Policy},
  language = {en}
}


@article{schramm_estimating_2021,
  title = {Estimating statistical power for detecting long term trends in surface water {{Escherichia}} coli concentrations},
  author = {Schramm, Michael P.},
  year = {2021},
  journal = {Texas Water Journal},
  volume = {12},
  number = {1},
  pages = {140--150},
  doi = {10.21423/txj.v12i1.7126},
}

@article{schrammTotalMaximumDaily2022,
  title = {Total {{Maximum Daily Loads}} and {{Escherichia}}{ coli} Trends in {{Texas}} Freshwater Streams},
  author = {Schramm, Michael P. and Gitter, Anna and Gregory, Lucas},
  year = {2022},
  journal = {Journal of Contemporary Water Research \& Education},
  number = {176},
  pages = {36--49},
  doi = {10.1111/j.1936-704X.2022.3374.x}
}
