@Manual{Rechor,
  title = {echor: Access EPA 'ECHO' Data},
  year = {2019},
  author = {Michael Schramm},
  url = {https://CRAN.R-project.org/package=echor},
  version = {0.1.2},
}
@Manual{Rtbrf,
  title = {tbrf: Time-Based Rolling Functions},
  year = {2019},
  author = {Michael Schramm and Frank Harrell},
  url = {https://CRAN.R-project.org/package=tbrf},
  version = {0.1.2},
}
@Manual{Rdartx,
  title = {dartx: Applies Drainage Area Ratio Method With Correction Factors},
  year = {2019},
  author = {Schramm Michael},
  url = {https://github.com/mps9506/dartx},
  version = {0.1.0},
}
