@Article{1,
  author = {BM Pracheil and CR DeRolph and MP Schramm and MS Bevelhimer},
  title = {A fish-eye view of riverine hydropower systems: the current understanding of the biological response to turbine passage},
  journaltitle = {Reviews in Fish Biology and Fisheries},
  year = {2016},
  key = {1},
}

@Article{2,
  author = {MP Schramm and MS Bevelhimer and CR DeRolph},
  title = {A synthesis of environmental and recreational mitigation requirements at hydropower projects in the United States},
  journaltitle = {Environmental Science \& Policy},
  year = {2016},
  key = {2},
}

@Article{3,
  author = {RH Cutting and LB Cahoon and JF Flood and L Horton and M Schramm},
  title = {Spill the Beans: GoodGuide, Walmart and EPA Use Information as Efficient, Market-Based Environmental Regulation},
  journaltitle = {Tul. Envtl. LJ},
  year = {2010},
  key = {3},
}

@techreport{4,
  title={Escherichia coli and Dissolved Oxygen Trends in the Upper Llano River Watershed, Texas (2001-2016)},
  author={Schramm, Michael and Broad, Tyson and Arsuffi, Tom},
  institution={Texas Water Resources Institute},
  number={TR-511},
  year={2018}
}