
@techreport{schrammCarancahuaBayWatershed2019,
  title = {Carancahua {{Bay Watershed Protection Plan}}},
  author = {Schramm, Michael P and {deVilleneuve}, Stephanie and Jain, Shubham and Berthold, Allen and Mohandass, Uvashree},
  year = {2019},
  address = {{College Station, Texas}},
  institution = {{Texas Water Resources Institute}},
  file = {C\:\\Users\\mpsch\\Zotero\\storage\\IXN8WCVQ\\tr-514.pdf},
  number = {TR-514},
  type = {Technical {{Report}}}
}

@techreport{schrammEscherichiaColiDissolved2018,
  title = {{\emph{Escherichia Coli}} and {{Dissolved Oxygen Trends}} in the {{Upper Llano River Watershed}}, {{Texas}} (2001-2016)},
  author = {Schramm, Michael P and Broad, Tyson and Arsuffi, Tom},
  year = {2018},
  address = {{College Station, Texas}},
  institution = {{Texas Water Resources Institute}},
  file = {C\:\\Users\\mpsch\\Zotero\\storage\\594SMELU\\Schramm et al_2018_Escherichia coli and Dissolved Oxygen Trends in the Upper Llano River.pdf},
  number = {TR-511},
  type = {Technical {{Report}}}
}


@techreport{schrammTechnicalSupportDocument2020,
  title = {Technical {{Support Document}} for {{Four Total Maximum Daily Loads}} for {{Indicator Bacteria}} in {{Neches River Tidal}}},
  author = {Schramm, Michael and Jha, Achla},
  year = {2020},
  address = {{Austin, TX}},
  institution = {{Texas Commission on Environmental Quality}},
  type = {Technical {{Report}}}
}

